<collection xmlns="http://www.loc.gov/MARC21/slim">
<record>
  <leader>02154nam0a22003371i 450 </leader>
  <controlfield tag="001">IT\ICCU\CNCE\062531</controlfield>
  <controlfield tag="005">20051117000000.0</controlfield>
  <datafield tag="012" ind1=" " ind2=" ">
    <subfield code="a">*mte t.ur usue somu (3) 1517 (A)</subfield>
    <subfield code="2">fei</subfield>
  </datafield>
  <datafield tag="100" ind1=" " ind2=" ">
    <subfield code="a">20051116d1517        0itac0103    ba</subfield>
  </datafield>
  <datafield tag="101" ind1=" " ind2=" ">
    <subfield code="a">LAT</subfield>
  </datafield>
  <datafield tag="102" ind1=" " ind2=" ">
    <subfield code="a">IT</subfield>
  </datafield>
  <datafield tag="200" ind1="1" ind2=" ">
    <subfield code="a">℗Marci Gatinarie ℗de curis egritudinum particularium noni Almansoris Pratica uberrima. Notabile: &amp; breue introductorium Pratice de febribus. Gentilis de Fulgineo ultra ea quae in hoc uolumine per alios impressa sunt nouiter in luce habitum. Blasii Astariide curis Febrium libellus utilis. Cesaris Landulphi de curis earundem opusculum. Sebastiani Aquilani Tractatus de morbo gallico celeberrimus. Eiusdem questio de febre sanguinis</subfield>
  </datafield>
  <datafield tag="210" ind1=" " ind2=" ">
    <subfield code="e">Impressum Bononiae</subfield>
    <subfield code="g">in edibus Benedicti Hectoris Bibliopole Bononiensis</subfield>
    <subfield code="h">1517 nono kal. Iunij</subfield>
  </datafield>
  <datafield tag="215" ind1=" " ind2=" ">
    <subfield code="a">98, \2!, 27, \1!, 58, \1! f.</subfield>
    <subfield code="d"></subfield>
  </datafield>
  <datafield tag="300" ind1=" " ind2=" ">
    <subfield code="a">ANNULLATA  !!!!!   vedi 37398((Il nome del cur. della&quot;Pratica de febris&quot; di Gentile da Foligno, Benedetto Vittori, figura a f. 2</subfield>
  </datafield>
  <datafield tag="620" ind1=" " ind2=" ">
    <subfield code="a">IT</subfield>
    <subfield code="d">Bologna</subfield>
  </datafield>
  <datafield tag="700" ind1=" " ind2="1">
    <subfield code="a">Gattinara,</subfield>
    <subfield code="b">Marco</subfield>
    <subfield code="3">IT\ICCU\CNCA\004516</subfield>
  </datafield>
  <datafield tag="701" ind1=" " ind2="0">
    <subfield code="a">Gentile</subfield>
    <subfield code="c"> : da#Foligno</subfield>
    <subfield code="3">IT\ICCU\CNCA\000362</subfield>
  </datafield>
  <datafield tag="702" ind1=" " ind2="1">
    <subfield code="a">Astari,</subfield>
    <subfield code="b">Biagio</subfield>
    <subfield code="3">IT\ICCU\CNCA\005654</subfield>
  </datafield>
  <datafield tag="712" ind1="0" ind2="0">
    <subfield code="a">Faelli, Benedetto</subfield>
    <subfield code="c"> &lt;1.&gt; - eredi</subfield>
    <subfield code="3">IT\ICCU\CNCT\000503</subfield>
    <subfield code="4">650</subfield>
  </datafield>
  <datafield tag="790" ind1=" " ind2="1">
    <subfield code="a">Gatinaria,</subfield>
    <subfield code="b">Marcus</subfield>
    <subfield code="3">IT\ICCU\CNCA\018622</subfield>
    <subfield code="z">Gattinara, Marco</subfield>
  </datafield>
  <datafield tag="790" ind1=" " ind2="1">
    <subfield code="a">Gatenaria,</subfield>
    <subfield code="b">Marco</subfield>
    <subfield code="3">IT\ICCU\CNCA\022155</subfield>
    <subfield code="z">Gattinara, Marco</subfield>
  </datafield>
  <datafield tag="790" ind1=" " ind2="1">
    <subfield code="a">Gentili,</subfield>
    <subfield code="b">Gentile</subfield>
    <subfield code="3">IT\ICCU\CNCA\018711</subfield>
    <subfield code="z">Gentile : da#Foligno</subfield>
  </datafield>
  <datafield tag="790" ind1=" " ind2="0">
    <subfield code="a">Gentilis</subfield>
    <subfield code="c"> : Fulginas</subfield>
    <subfield code="3">IT\ICCU\CNCA\018713</subfield>
    <subfield code="z">Gentile : da#Foligno</subfield>
  </datafield>
  <datafield tag="790" ind1=" " ind2="1">
    <subfield code="a">Gentilibus,</subfield>
    <subfield code="b">Gentilis : de#Fulgineo</subfield>
    <subfield code="3">IT\ICCU\CNCA\022158</subfield>
    <subfield code="z">Gentile : da#Foligno</subfield>
  </datafield>
  <datafield tag="790" ind1=" " ind2="1">
    <subfield code="a">Astarius,</subfield>
    <subfield code="b">Blasius</subfield>
    <subfield code="3">IT\ICCU\CNCA\005907</subfield>
    <subfield code="z">Astari, Biagio</subfield>
  </datafield>
  <datafield tag="790" ind1=" " ind2="1">
    <subfield code="a">Astori,</subfield>
    <subfield code="b">Biagio</subfield>
    <subfield code="3">IT\ICCU\CNCA\005908</subfield>
    <subfield code="z">Astari, Biagio</subfield>
  </datafield>
  <datafield tag="801" ind1=" " ind2="3">
    <subfield code="a">IT</subfield>
    <subfield code="b">ICCU</subfield>
    <subfield code="c">20201115</subfield>
  </datafield>
  <datafield tag="899" ind1=" " ind2=" ">
    <subfield code="a">Biblioteca Estense Universitaria. Modena</subfield>
    <subfield code="1">MO0089</subfield>
    <subfield code="2">MOD BE</subfield>
  </datafield>
  <datafield tag="899" ind1=" " ind2=" ">
    <subfield code="a">Biblioteca comunale Paroniana. Rieti</subfield>
    <subfield code="1">RI0126</subfield>
    <subfield code="2">RMS B5</subfield>
  </datafield>
  <datafield tag="899" ind1=" " ind2=" ">
    <subfield code="a">Biblioteca Casanatense. Roma</subfield>
    <subfield code="1">RM0313</subfield>
    <subfield code="2">RML 07</subfield>
  </datafield>
</record>
</collection>
